<?xml version="1.0"?>
<marc:records xmlns:marc="http://www.loc.gov/MARC21/slim" xmlns:xsi="http://www.w3.org/2001/XMLSchema-instance" xsi:schemaLocation="http://www.loc.gov/MARC21/slim http://www.loc.gov/standards/marcxml/schema/MARC21slim.xsd">
  <marc:record>
    <marc:leader>03991ntm a2200505Ia 4500</marc:leader>
    <marc:controlfield tag="001">9977353946203681</marc:controlfield>
    <marc:controlfield tag="005">20191112162535.0</marc:controlfield>
    <marc:controlfield tag="008">190709q17251726it            000 0 ita d</marc:controlfield>
    <marc:datafield ind1=" " ind2=" " tag="035">
  <marc:subfield code="a">(OCoLC)1107791584</marc:subfield>
</marc:datafield>
    <marc:datafield ind1=" " ind2=" " tag="035">
  <marc:subfield code="a">(OCoLC)on1107791584</marc:subfield>
</marc:datafield>
    <marc:datafield ind1=" " ind2=" " tag="040">
  <marc:subfield code="a">PAU</marc:subfield>
  <marc:subfield code="b">eng</marc:subfield>
  <marc:subfield code="c">PAU</marc:subfield>
  <marc:subfield code="e">amremm</marc:subfield>
</marc:datafield>
    <marc:datafield ind1="1" ind2=" " tag="041">
  <marc:subfield code="a">ita</marc:subfield>
  <marc:subfield code="a">heb</marc:subfield>
</marc:datafield>
    <marc:datafield ind1=" " ind2="9" tag="099">
  <marc:subfield code="a">CAJS Rar Ms 505</marc:subfield>
</marc:datafield>
    <marc:datafield ind1="1" ind2=" " tag="100">
  <marc:subfield code="6">880-01</marc:subfield>
  <marc:subfield code="a">Bak&#x323;i, Shimshon Eli&#x2BB;ezer,</marc:subfield>
  <marc:subfield code="d">17th century.</marc:subfield>
</marc:datafield>
    <marc:datafield ind1="1" ind2="0" tag="245">
  <marc:subfield code="6">880-02</marc:subfield>
  <marc:subfield code="a">Pink&#x323;as ha-dik&#x323;duk&#x323;.</marc:subfield>
</marc:datafield>
    <marc:datafield ind1=" " ind2=" " tag="260">
  <marc:subfield code="6">880-03</marc:subfield>
  <marc:subfield code="a">[Casale Monferrato],</marc:subfield>
  <marc:subfield code="c">1725-1726.</marc:subfield>
</marc:datafield>
    <marc:datafield ind1=" " ind2=" " tag="300">
  <marc:subfield code="a">27 leaves :</marc:subfield>
  <marc:subfield code="b">paper ;</marc:subfield>
  <marc:subfield code="c">190 x 130 (170 x 130) mm bound to 195 x 140 mm.</marc:subfield>
</marc:datafield>
    <marc:datafield ind1=" " ind2=" " tag="500">
  <marc:subfield code="a">Ms. codex.</marc:subfield>
</marc:datafield>
    <marc:datafield ind1=" " ind2=" " tag="500">
  <marc:subfield code="a">Title from f. iii recto.</marc:subfield>
</marc:datafield>
    <marc:datafield ind1=" " ind2=" " tag="500">
  <marc:subfield code="a">Collation: Paper, i (modern paper) + 31 + i (modern paper); 1&#xB9;&#x2070; 2&#xB9;&#xB2; 3&#xB9;&#x2070; (-10); modern foliation in pencil, upper left recto, [i-iv, 1-27].</marc:subfield>
</marc:datafield>
    <marc:datafield ind1=" " ind2=" " tag="500">
  <marc:subfield code="a">Layout: 22-24 long ruled lines divided between Hebrew, Judeo-Italian, and Italian words. Also, portions are written in Hebrew and Italian on either end of the line (for example, f. 16v-17r).</marc:subfield>
</marc:datafield>
    <marc:datafield ind1=" " ind2=" " tag="500">
  <marc:subfield code="a">Script:  Written in an Italian cursive script, with quotations vocalized. For quotations from scripture, the words are larger and are vocalized (for example, f. 1r.) The cantillations (t&#x323;e&#x2BB;amim) are shown on f. 6r</marc:subfield>
</marc:datafield>
    <marc:datafield ind1=" " ind2=" " tag="500">
  <marc:subfield code="a">Decoration: Line fillers (for example, f. 5v, 6v).</marc:subfield>
</marc:datafield>
    <marc:datafield ind1=" " ind2=" " tag="500">
  <marc:subfield code="a">Binding: Modern black vinyl on boards with a stamped gold flower in the center; "ketav yad" stamped on the spine.</marc:subfield>
</marc:datafield>
    <marc:datafield ind1=" " ind2=" " tag="500">
  <marc:subfield code="a">Origin:  Written in Casale Monferrato in 1725-1726 (f. iii recto).</marc:subfield>
</marc:datafield>
    <marc:datafield ind1=" " ind2=" " tag="520">
  <marc:subfield code="a">This is a manuscript of an instruction manual on Hebrew grammar (dik&#x323;duk&#x323;) by R. Samson Bachi, a rabbinical figure in Casale Monferrato (f. iii recto); he was a mohel, and also was known as a student of R. Moshe Zacuto (1625-1697) and a noted kabbalist. The writer was named Refa'el Asher, writing in "K&#x323;asali" in 1725-1726 (other notes on the folio are crossed through.) Mainly, the manuscript is written in Italian in Hebrew characters, with minimal amounts written in Hebrew and also some words in Italian. Since the work is classified as a notebook, there are corrections at various points of the text.</marc:subfield>
</marc:datafield>
    <marc:datafield ind1=" " ind2=" " tag="524">
  <marc:subfield code="a">UPenn CAJS Rar Ms 505.</marc:subfield>
</marc:datafield>
    <marc:datafield ind1=" " ind2=" " tag="546">
  <marc:subfield code="a">Judeo-Italian, Italian, and Hebrew.</marc:subfield>
</marc:datafield>
    <marc:datafield ind1="1" ind2=" " tag="561">
  <marc:subfield code="a">Sold by Kestenbaum and Company, sale 76 (June 14, 2018), lot 14.</marc:subfield>
</marc:datafield>
    <marc:datafield ind1="1" ind2=" " tag="561">
  <marc:subfield code="a">Formerly owned by Ariel Toaff, professor at Bar Ilan University (bookplate inside front board).</marc:subfield>
</marc:datafield>
    <marc:datafield ind1=" " ind2=" " tag="590">
  <marc:subfield code="a">Acquired for the Penn Libraries with assistance from the Rare Judaica Acquisitions Fund.</marc:subfield>
</marc:datafield>
    <marc:datafield ind1=" " ind2="0" tag="650">
  <marc:subfield code="a">Hebrew language</marc:subfield>
  <marc:subfield code="x">Grammar</marc:subfield>
  <marc:subfield code="v">Early works to 1800.</marc:subfield>
</marc:datafield>
    <marc:datafield ind1=" " ind2="0" tag="650">
  <marc:subfield code="a">Judeo-Italian language.</marc:subfield>
</marc:datafield>
    <marc:datafield ind1=" " ind2="0" tag="650">
  <marc:subfield code="a">Cantillation</marc:subfield>
  <marc:subfield code="x">Instruction and study</marc:subfield>
  <marc:subfield code="v">Early works to 1800.</marc:subfield>
</marc:datafield>
    <marc:datafield ind1=" " ind2="7" tag="655">
  <marc:subfield code="a">Manuals (instructional materials)</marc:subfield>
  <marc:subfield code="2">aat</marc:subfield>
</marc:datafield>
    <marc:datafield ind1=" " ind2="7" tag="655">
  <marc:subfield code="a">Codices (bound manuscripts)</marc:subfield>
  <marc:subfield code="2">aat</marc:subfield>
</marc:datafield>
    <marc:datafield ind1=" " ind2="7" tag="655">
  <marc:subfield code="a">Manuscripts, Hebrew</marc:subfield>
  <marc:subfield code="y">18th century.</marc:subfield>
  <marc:subfield code="2">local</marc:subfield>
</marc:datafield>
    <marc:datafield ind1="1" ind2=" " tag="700">
  <marc:subfield code="6">880-04</marc:subfield>
  <marc:subfield code="a">Toaff, Ariel,</marc:subfield>
  <marc:subfield code="d">1942-</marc:subfield>
  <marc:subfield code="e">former owner.</marc:subfield>
</marc:datafield>
    <marc:datafield ind1="2" ind2=" " tag="710">
  <marc:subfield code="a">Rare Judaica Acquisitions Fund.</marc:subfield>
  <marc:subfield code="5">PU</marc:subfield>
</marc:datafield>
    <marc:datafield ind1="0" ind2="0" tag="773">
  <marc:subfield code="t">Rare Judaica Acquisitions Fund.</marc:subfield>
</marc:datafield>
    <marc:datafield ind1=" " ind2=" " tag="852">
  <marc:subfield code="b">Library at the Herbert D. Katz Center for Advanced Judaic Studies</marc:subfield>
  <marc:subfield code="a">University of Pennsylvania</marc:subfield>
  <marc:subfield code="e">420 Walnut Street, Philadelphia, Pennsylvania 19106-3703.</marc:subfield>
  <marc:subfield code="j">CAJS Rar Ms 505</marc:subfield>
</marc:datafield>
    <marc:datafield ind1="4" ind2="2" tag="856">
  <marc:subfield code="3">The Rare Judaica Acquisitions Fund Home Page</marc:subfield>
  <marc:subfield code="u">http://hdl.library.upenn.edu/1017.12/1229058</marc:subfield>
</marc:datafield>
    <marc:datafield ind1="1" ind2=" " tag="880">
  <marc:subfield code="6">100-01//r</marc:subfield>
  <marc:subfield code="a">&#x5D1;&#x5D0;&#x5E7;&#x5D9;, &#x5E9;&#x5DE;&#x5E9;&#x5D5;&#x5DF; &#x5D0;&#x5DC;&#x5D9;&#x5E2;&#x5D6;&#x5E8;,</marc:subfield>
  <marc:subfield code="d">&#x5D4;&#x5DE;&#x5D0;&#x5D4; &#x5D4;-17.</marc:subfield>
</marc:datafield>
    <marc:datafield ind1="1" ind2="0" tag="880">
  <marc:subfield code="6">245-02//r</marc:subfield>
  <marc:subfield code="a">&#x5E4;&#x5E0;&#x5E7;&#x5E1; &#x5D4;&#x5D3;&#x5E7;&#x5D3;&#x5D5;&#x5E7;.</marc:subfield>
</marc:datafield>
    <marc:datafield ind1=" " ind2=" " tag="880">
  <marc:subfield code="6">260-03//r</marc:subfield>
  <marc:subfield code="a">[&#x5E7;&#x5D6;&#x5D0;&#x5DC;&#x5D4; &#x5DE;&#x5D5;&#x5E0;&#x5E4;&#x5E8;&#x5D0;&#x5D8;&#x5D5;],</marc:subfield>
  <marc:subfield code="c">1725-1726.</marc:subfield>
</marc:datafield>
    <marc:datafield ind1="1" ind2=" " tag="880">
  <marc:subfield code="6">700-04//r</marc:subfield>
  <marc:subfield code="a">&#x5D8;&#x5D5;&#x5D0;&#x5E3;, &#x5D0;&#x5E8;&#x5D9;&#x5D0;&#x5DC;,</marc:subfield>
  <marc:subfield code="e">&#x5D1;&#x5E2;&#x5DC;&#x5D9;&#x5DD; &#x5E7;&#x5D5;&#x5D3;&#x5DE;&#x5D9;&#x5DD;.</marc:subfield>
</marc:datafield>
    <marc:holdings>
      <marc:holding>
        <marc:holding_id>22551687160003681</marc:holding_id>
        <marc:call_number>CAJS Rar Ms 505</marc:call_number>
        <marc:library>KatzLib</marc:library>
        <marc:location>cjsrarms</marc:location>
      </marc:holding>
    </marc:holdings>
  </marc:record>
</marc:records>
